<?xml version="1.0" encoding="UTF-8"?><collection xmlns="http://www.loc.gov/MARC21/slim"><record><leader>00413nam--2200145-i-4500</leader><controlfield tag="001">000028455</controlfield><controlfield tag="002">20161230</controlfield><controlfield tag="005">20161230201037</controlfield><controlfield tag="008">060222s1000------------r-----000-0-eng-d</controlfield><datafield ind1=" " ind2=" " tag="080"><subfield code="a">517.956.224(043)</subfield></datafield><datafield ind1="1" ind2="0" tag="100"><subfield code="a">Lelandais-flandrin, Evelyne</subfield></datafield><datafield ind1="1" ind2=" " tag="245"><subfield code="a">Determination explicite de noyaux de hunt sur rn. these</subfield></datafield><datafield ind1=" " ind2=" " tag="260"><subfield code="a">Paris, Univ.De Paris, 1977, 17p</subfield></datafield><datafield ind1=" " ind2=" " tag="852"><subfield code="a">44896</subfield><subfield code="c">517.5</subfield></datafield><datafield ind1=" " ind2=" " tag="CAT"><subfield code="a">Sys</subfield><subfield code="c">20080806</subfield><subfield code="h">125400</subfield></datafield></record></collection>